<record><leader>00000nas a2200000 i 4500</leader><controlfield tag="001">950967696</controlfield><controlfield tag="006">m     o  d        </controlfield><controlfield tag="007">cr |||||||||||</controlfield><controlfield tag="008">160601d18981913scuwr neo     0   a0eng  </controlfield><datafield ind1=" " ind2=" " tag="010"><subfield code="a">  2016271093</subfield></datafield><datafield ind1=" " ind2=" " tag="040"><subfield code="a">DLC</subfield><subfield code="b">eng</subfield><subfield code="e">rda</subfield><subfield code="c">DLC</subfield></datafield><datafield ind1="0" ind2=" " tag="022"><subfield code="a">2472-7881</subfield><subfield code="2">1</subfield></datafield><datafield ind1=" " ind2=" " tag="042"><subfield code="a">pcc</subfield><subfield code="a">nsdp</subfield></datafield><datafield ind1=" " ind2=" " tag="043"><subfield code="a">n-us-sc</subfield></datafield><datafield ind1="1" ind2="0" tag="050"><subfield code="a">ISSN RECORD</subfield></datafield><datafield ind1="1" ind2="0" tag="082"><subfield code="a">071</subfield><subfield code="2">23</subfield></datafield><datafield ind1="0" ind2=" " tag="130"><subfield code="a">Carolina Spartan (Spartanburg, S.C. : 1898)</subfield></datafield><datafield ind1=" " ind2="4" tag="222"><subfield code="a">The Carolina Spartan</subfield><subfield code="b">(Spartanburg, S.C. 1898. Online)</subfield></datafield><datafield ind1="1" ind2="4" tag="245"><subfield code="a">The Carolina Spartan.</subfield></datafield><datafield ind1=" " ind2="1" tag="264"><subfield code="a">Spartanburg, S.C. :</subfield><subfield code="b">Chas. Petty</subfield></datafield><datafield ind1=" " ind2=" " tag="300"><subfield code="a">1 online resource</subfield></datafield><datafield ind1=" " ind2=" " tag="310"><subfield code="a">Weekly</subfield></datafield><datafield ind1=" " ind2=" " tag="336"><subfield code="a">text</subfield><subfield code="2">rdacontent</subfield></datafield><datafield ind1=" " ind2=" " tag="337"><subfield code="a">unmediated</subfield><subfield code="2">rdamedia</subfield></datafield><datafield ind1=" " ind2=" " tag="338"><subfield code="a">volume</subfield><subfield code="2">rdacarrier</subfield></datafield><datafield ind1="1" ind2=" " tag="362"><subfield code="a">Began in 1898? Ceased in 1913.</subfield></datafield><datafield ind1=" " ind2=" " tag="530"><subfield code="a">Archived issues are available in digital format from the Library of Congress Chronicling America online collection.</subfield></datafield><datafield ind1=" " ind2=" " tag="588"><subfield code="a">Description based on: Vol. 58, no. 41 (October 9, 1901); title from masthead (Chroniclingamerica.loc.gov, viewed June 1, 2016).</subfield></datafield><datafield ind1=" " ind2=" " tag="588"><subfield code="a">Latest issue consulted: Vol. 59, no. 18 (April 30, 1902) (Chroniclingamerica.loc.gov, viewed June 1, 2016).</subfield></datafield><datafield ind1=" " ind2="0" tag="651"><subfield code="a">Spartanburg (S.C.)</subfield><subfield code="v">Newspapers.</subfield></datafield><datafield ind1=" " ind2="0" tag="651"><subfield code="a">Spartanburg County (S.C.)</subfield><subfield code="v">Newspapers.</subfield></datafield><datafield ind1=" " ind2="7" tag="651"><subfield code="a">South Carolina</subfield><subfield code="z">Spartanburg</subfield><subfield code="2">fast</subfield><subfield code="0">(OCoLC)fst01202729</subfield></datafield><datafield ind1=" " ind2="7" tag="651"><subfield code="a">South Carolina</subfield><subfield code="z">Spartanburg County.</subfield><subfield code="2">fast</subfield><subfield code="0">(OCoLC)fst01210992</subfield></datafield><datafield ind1=" " ind2="7" tag="655"><subfield code="a">Newspapers.</subfield><subfield code="2">fast</subfield><subfield code="0">(OCoLC)fst01423814</subfield></datafield><datafield ind1=" " ind2=" " tag="752"><subfield code="a">United States</subfield><subfield code="b">South Carolina</subfield><subfield code="c">Spartanburg</subfield><subfield code="d">Spartanburg.</subfield></datafield><datafield ind1="0" ind2="8" tag="776"><subfield code="i">Originally issued in print:</subfield><subfield code="t">Carolina Spartan (Spartanburg, S.C. : 1898)</subfield><subfield code="x">2472-7873</subfield><subfield code="w">(DLC)sn 93067884</subfield><subfield code="w">(OCoLC)28452217</subfield></datafield><datafield ind1="0" ind2="0" tag="780"><subfield code="t">Spartan (Spartanburg, S.C. : 1896)</subfield></datafield><datafield ind1="0" ind2="7" tag="785"><subfield code="t">Journal (Spartanburg, S.C.)</subfield></datafield><datafield ind1="0" ind2="7" tag="785"><subfield code="t">Journal and the Carolina Spartan</subfield></datafield><datafield ind1="4" ind2="0" tag="856"><subfield code="u">http://chroniclingamerica.loc.gov/lccn/sn93067884/issues/</subfield></datafield></record>